@misc{morpheus,
  author = {Joshua Gould},
  title = {morpheus.js},
  howpublished = "[Электронный ресурс]",
  url = "https://clue.io/morpheus.js/"
}

@misc{bioconductor,
  author = {Arora Sonali and Carlson Marc and Hayden Nate etc",
  title = {Bioconductor},
  howpublished = "[Электронный ресурс]",
  url = "https://www.bioconductor.org/"
}

@misc{genee,
  author = {Joshua Gould,
  title = {GENE-E},
  howpublished = "[Электронный ресурс]",
  url = "http://www.broadinstitute.org/cancer/software/GENE-E/"
}

@misc{opencpu,
  author = {Ooms Jeroen},
  title = "{OpenCPU}",
  howpublished = "[Электронный ресурс]",
  url = "https://www.opencpu.org/"
}

@misc{docker,
  author = {Solomon Hykes},
  developer = {Docker, Inc.},
  title = {Docker},
  howpublished = "[Электронный ресурс]",
  url = "https://www.docker.com"
}

@misc{protobuf,
  author = {Google Developers},
  title = {Protocol Buffers},
  howpublished = "[Электронный ресурс]",
  url = "https://developers.google.com/protocol-buffers/"
}

@misc{rproject,
  author = {Robert Gentleman and Ross Ihaka},
  title = {R project},
  howpublished = "[Электронный ресурс]",
  url = "https://www.r-project.org/"
}

@misc{nodejs,
  author = {Node.js Foundation},
  title = {Node.js},
  howpublished = "[Электронный ресурс]",
  url = "https://nodejs.org/"
}

@misc{geo,
  author = {National Center for Biotechnology Information},
  title = {Gene Expression Omnibus},
  howpublished = "[Электронный ресурс]",
  url = "https://www.ncbi.nlm.nih.gov/geo/"
}

@misc{apache,
  author = {Apache Software Foundation},
  title = {Apache HTTP Server Project},
  howpublished = "[Электронный ресурс]",
  url = "https://httpd.apache.org"
}

@misc{geoquery,
  author = {Sean Davis}
}

@misc{dhub,
  author = {Docker, Inc.},
  title = {Docker Hub},
  howpublished = "[Электронный ресурс]",
  url = "https://hub.docker.com/"
}

@misc{github,
  author = {GitHub},
  title = {GitHub},
  howpublished = "[Электронный ресурс]",
  url = "https://github.com/"
}

@misc{bitbucket,
  author = {Atlassian},
  title = {Bitbucket},
  howpublished = "[Электронный ресурс]",
  url = "https://bitbucket.org/"
}

@misc{maf,
  author = {National Cancer Institute},
  title = "{Mutation Annotation Format}",
  howpublished = "[Электронный ресурс]",
  url = "https://wiki.nci.nih.gov/display/TCGA/Mutation+Annotation+Format+%28MAF%29+Specification/"
}

@misc{gct,
  author = "",
  title = "{GCT}",
  howpublished = "[Электронный ресурс]",
  url = "http://software.broadinstitute.org/cancer/software/genepattern/file-formats-guide#GCT/"
}

@misc{gmt,
  author = "",
  title = "{Gene Matrix Transposed file format}",
  howpublished = "[Электронный ресурс]",
  url = "http://software.broadinstitute.org/cancer/software/gsea/wiki/index.php/Data_formats#GMT:_Gene_Matrix_Transposed_file_format_.28.2A.gmt.29/"
}

@misc{tcga,
  author = "National Cancer Insitute",
  title = {The Cancer Genome Atlas},
  howpublished = "[Электронный ресурс]",
  url = "https://cancergenome.nih.gov/"
}

